01REMESSA01COBRANCA       00000000000000000033RAZAO SOCIAL                  237BRADESCO       170119BRANCO  MX0000001BRANCO                                                                                                                                                                                                                                                                               000001
94002120000600000052                 88701949                 2370000000000000000100000001NBRANCOS   R0  00DOCUMENTO 15011900000000000000000000000031N170119000000000000000001102190000000000000000000000054600000000000150100004848725160JORGE ARAGAO                            RUA DAS CEREJEIRAS                                  78200000                                                            000002
2                                                                                                                                                                                                                                                                                                                                15011900000000000632501190000000000036       242001020023694 000777777772000003
3                            12BRANCOS     23722369300000000000980000000000999902                                       BRANCOS                              5912370087980000000000693000000000000987RENATO SILVA                            BRANCOS                              0272375687110000773064911000000000000011JOAO                                    BRANCOS                              021000004
6322109828104049000009429841BRANCOS                                                                                                                                                                                                                                                                                                                                                                       000005
7ENDERECO SACADORAVALISTA                     78200000CACERES             MTFILLER                                                                                                                                                                                                                                                                                            044065490024403C00000559842N000006
9BRANCO                                                                                                                                                                                                                                                                                                                                                                                                   000007
