75600000         100004848725160                    0567812346549762139AAOE                           SICOOB                                  10112201814102023456708100000                                                                     
75600011R01  032 1000000234654976                    00056A000000033456EPCENTERSIS                     NAO PAGAR APOS O VENCIMENTO             IMPRIMIR EM FOLHA A4                    567812347894216300000000                                 
7560001300001PP110056781234654976213JA15                  20 213456789012     09012019000000002345600000Q11A200420140200720190000000000001025112019000000000001300000000000150000000000017TITULO                   1150   200000000000 
7560001300001QQ1011000000000012345NOME                                    RUA COMANDANTE BALDUINO                 CENTRO         78200000CACERES        MT1                             8347578                                 JOSE                                    0000023700000000        
7560001300001RR101020041995000000023000013001200200000003000001         300420160000000020500          MENSAGEM                                MENSAGEM                                                    0002345600000000R000083788758  0         
7560001300001PP210056781234654976213JA15                  20 213456789012     09012019000000002345600000Q11A200420140200720190000000000001025112019000000000001300000000000150000000000017TITULO                   1150   200000000000 
7560001300001QQ2011000000000012345NOME                                    RUA COMANDANTE BALDUINO                 CENTRO         78200000CACERES        MT1                             8347578                                 JOSE                                    0000023700000000        
7560001300001RR201020041995000000023000013001200200000003000001         300420160000000020500          MENSAGEM                                MENSAGEM                                                    0002345600000000R000083788758  0         
7560001300001PP310056781234654976213JA15                  20 213456789012     09012019000000002345600000Q11A200420140200720190000000000001025112019000000000001300000000000150000000000017TITULO                   1150   200000000000 
7560001300001QQ3011000000000012345NOME                                    RUA COMANDANTE BALDUINO                 CENTRO         78200000CACERES        MT1                             8347578                                 JOSE                                    0000023700000000        
7560001300001RR301020041995000000023000013001200200000003000001         300420160000000020500          MENSAGEM                                MENSAGEM                                                    0002345600000000R000083788758  0         
75600015         003000029301000000000040300234567000000000032000000023000000000000123003001000000000003000                                                                                                                             
75699999         000300000029000040                                                                                                                                                                                                             
